<?xml version="1.0" encoding="UTF-8"?><collection xmlns="http://www.loc.gov/MARC21/slim"><record><leader>00491nam--2200145-i-4500</leader><controlfield tag="001">000009689</controlfield><controlfield tag="002">20161230</controlfield><controlfield tag="005">20161230201028</controlfield><controlfield tag="008">060222s1000------------r-----000-0-eng-d</controlfield><datafield ind1=" " ind2=" " tag="080"><subfield code="a">539.125.5.163:539.173.4.162.2</subfield></datafield><datafield ind1=" " ind2=" " tag="100"><subfield code="a">Almen, E. Holmqvist B. And Wiedling, T</subfield></datafield><datafield ind1=" " ind2=" " tag="245"><subfield code="a">Neutron energy spectra from neutron induced fission of 235 u at 0.95 mev and 238 u at i.35 and 2.02 mev</subfield></datafield><datafield ind1=" " ind2=" " tag="260"><subfield code="a">Studsvik, Nykoping, Aktiebolaget Atomenergi, 1971 14 P. + 4 Fig</subfield></datafield><datafield ind1=" " ind2=" " tag="490"><subfield code="a">29</subfield></datafield><datafield ind1=" " ind2=" " tag="852"><subfield code="a">15157</subfield></datafield></record></collection>